<record><leader>00000cas a22000007a 4500</leader><controlfield tag="001">9756100</controlfield><controlfield tag="008">830730d18371840ohuwr ne      0    0eng d</controlfield><datafield ind1=" " ind2=" " tag="010"><subfield code="a">sn 83035395 </subfield></datafield><datafield ind1=" " ind2=" " tag="040"><subfield code="a">NPY</subfield><subfield code="b">eng</subfield><subfield code="c">NPY</subfield><subfield code="d">DLC</subfield><subfield code="d">ONP</subfield><subfield code="d">CNW</subfield><subfield code="d">ONP</subfield><subfield code="d">OCL</subfield><subfield code="d">OCLCF</subfield><subfield code="d">OCLCO</subfield><subfield code="d">OCLCA</subfield></datafield><datafield ind1="1" ind2=" " tag="029"><subfield code="a">AU@</subfield><subfield code="b">000020128198</subfield></datafield><datafield ind1=" " ind2=" " tag="042"><subfield code="a">msc</subfield></datafield><datafield ind1="0" ind2="0" tag="245"><subfield code="a">Cleveland weekly advertiser.</subfield></datafield><datafield ind1="0" ind2="0" tag="246"><subfield code="a">Cleveland advertiser</subfield></datafield><datafield ind1=" " ind2=" " tag="260"><subfield code="a">[Cleveland, Ohio] :</subfield><subfield code="b">Canfield &amp; Spencer,</subfield><subfield code="c">1837-</subfield></datafield><datafield ind1=" " ind2=" " tag="300"><subfield code="a">v.</subfield></datafield><datafield ind1=" " ind2=" " tag="310"><subfield code="a">Weekly</subfield></datafield><datafield ind1="0" ind2=" " tag="362"><subfield code="a">Vol. 7, no. 1 (Jan. 12, 1837)-</subfield></datafield><datafield ind1="1" ind2=" " tag="362"><subfield code="a">Ceased between Mar. 19-Oct. 8, 1840.</subfield></datafield><datafield ind1=" " ind2=" " tag="500"><subfield code="a">"Democratic."</subfield></datafield><datafield ind1=" " ind2=" " tag="500"><subfield code="a">Published on Thursday.</subfield></datafield><datafield ind1=" " ind2=" " tag="500"><subfield code="a">Publishers: Canfield &amp; Spencer, Jan. 12, 1837-Oct. 26, 1837; Spencer &amp; Curtis, Nov. 2, 1837-&lt;Jan. 6, 1838&gt;; T.P. Spencer, &lt;Apr. 18, 1839-Mar. 19, 1840&gt;.</subfield></datafield><datafield ind1=" " ind2=" " tag="580"><subfield code="a">Daily eds.: Daily advertiser (Cleveland, Ohio : 1836), 1837; and: Cleveland daily advertiser, 1837-1838.</subfield></datafield><datafield ind1=" " ind2="0" tag="651"><subfield code="a">Cleveland (Ohio)</subfield><subfield code="v">Newspapers.</subfield></datafield><datafield ind1=" " ind2="0" tag="651"><subfield code="a">Cuyahoga County (Ohio)</subfield><subfield code="v">Newspapers.</subfield></datafield><datafield ind1=" " ind2="7" tag="655"><subfield code="a">Newspapers.</subfield><subfield code="2">fast</subfield><subfield code="0">(OCoLC)fst01423814</subfield></datafield><datafield ind1=" " ind2="7" tag="651"><subfield code="a">Ohio</subfield><subfield code="z">Cleveland.</subfield><subfield code="2">fast</subfield><subfield code="0">(OCoLC)fst01205966</subfield></datafield><datafield ind1=" " ind2="7" tag="651"><subfield code="a">Ohio</subfield><subfield code="z">Cuyahoga County.</subfield><subfield code="2">fast</subfield><subfield code="0">(OCoLC)fst01202752</subfield></datafield><datafield ind1="1" ind2=" " tag="700"><subfield code="a">Canfield, Horace.</subfield></datafield><datafield ind1="1" ind2=" " tag="700"><subfield code="a">Spencer, Timothy P.,</subfield><subfield code="d">1811-1885.</subfield></datafield><datafield ind1="1" ind2=" " tag="700"><subfield code="a">Curtis, A. H.</subfield></datafield><datafield ind1=" " ind2=" " tag="752"><subfield code="a">United States</subfield><subfield code="b">Ohio</subfield><subfield code="c">Cuyahoga</subfield><subfield code="d">Cleveland.</subfield></datafield><datafield ind1="1" ind2=" " tag="775"><subfield code="t">Daily advertiser (Cleveland, Ohio : 1836)</subfield><subfield code="w">(DLC)sn 83035392</subfield></datafield><datafield ind1="1" ind2=" " tag="775"><subfield code="t">Cleveland daily advertiser</subfield><subfield code="w">(DLC)sn 83035393</subfield></datafield><datafield ind1="0" ind2="0" tag="780"><subfield code="t">Cleveland advertiser (Cleveland, Ohio : 1831)</subfield><subfield code="w">(DLC)sn 83035394</subfield></datafield><datafield ind1="0" ind2="0" tag="785"><subfield code="t">Cleveland advertiser (Cleveland, Ohio :1840)</subfield><subfield code="w">(DLC)sn 83035396</subfield></datafield></record>